%%
%% Author: bir
%% 28.02.19
%%

@misc{ pen,
    author = {G. Weidman, No Starch Press},
    title = {Penetration Testing, Hands-on Introduction to Hacking},
    year = {2009}}


@misc{ how,
    author = {M.Andrews, J.A. Whittaker, Addison Wesley},
    title = {How to Break Web Software;},
    year = {2014"}}

@misc{ baut,
    author = {Dawid Balut},
    title = {Szkolenie Z Testowania Bezpieczenstwa Aplikacji Webowych - Pelen OWASP TOP 10},
    url={https://www.youtube.com/watch?v=04c0JiE8YNQ}
}

@misc{ osil,
    title = {OSI Layers},
    url={https://www.webopedia.com/quick_ref/OSI_Layers.asp}
}



