%%
%% Author: bir
%% 28.02.19
%%

